<record><leader>00000cas a22000007a 4500</leader><controlfield tag="001">18007828</controlfield><controlfield tag="008">880527d18991942nduwr ne      0    0eng d</controlfield><datafield ind1=" " ind2=" " tag="010"><subfield code="a">sn 88076300 </subfield></datafield><datafield ind1=" " ind2=" " tag="040"><subfield code="a">NOP</subfield><subfield code="b">eng</subfield><subfield code="c">NOP</subfield><subfield code="d">OCLCQ</subfield></datafield><datafield ind1=" " ind2=" " tag="042"><subfield code="a">msc</subfield></datafield><datafield ind1="0" ind2=" " tag="130"><subfield code="a">Leeds news (Leeds, N.D.)</subfield></datafield><datafield ind1="1" ind2="4" tag="245"><subfield code="a">The Leeds news.</subfield></datafield><datafield ind1=" " ind2=" " tag="260"><subfield code="a">Leeds, N.D. :</subfield><subfield code="b">A.J.F. Voigt</subfield></datafield><datafield ind1=" " ind2=" " tag="300"><subfield code="a">v. :</subfield><subfield code="b">ill. ;</subfield><subfield code="c">55 cm.</subfield></datafield><datafield ind1=" " ind2=" " tag="310"><subfield code="a">Weekly</subfield></datafield><datafield ind1="1" ind2=" " tag="362"><subfield code="a">Began in 1899.</subfield></datafield><datafield ind1="0" ind2=" " tag="362"><subfield code="a">-v. 55, no. 10 (Oct. 1, 1942).</subfield></datafield><datafield ind1=" " ind2=" " tag="500"><subfield code="a">"Official paper of Benson County."</subfield></datafield><datafield ind1=" " ind2=" " tag="530"><subfield code="a">Available on microfilm from the State Historical Society of North Dakota.</subfield></datafield><datafield ind1=" " ind2=" " tag="580"><subfield code="a">Includes The Brinsmade news and The York news.</subfield></datafield><datafield ind1=" " ind2=" " tag="588"><subfield code="a">Description based on: Vol. 15, no. 12 (Oct. 29, 1903).</subfield></datafield><datafield ind1=" " ind2=" " tag="752"><subfield code="a">United States</subfield><subfield code="b">North Dakota</subfield><subfield code="c">Benson</subfield><subfield code="d">Leeds.</subfield></datafield><datafield ind1="1" ind2=" " tag="777"><subfield code="t">Brinsmade news</subfield><subfield code="w">(DLC)sn 88076446</subfield></datafield><datafield ind1="1" ind2=" " tag="777"><subfield code="t">York news (York, N.D.)</subfield><subfield code="w">(DLC)sn 88076447</subfield></datafield><datafield ind1="0" ind2="0" tag="780"><subfield code="t">Benson County news</subfield></datafield><datafield ind1="0" ind2="4" tag="785"><subfield code="t">Benson County farmers press</subfield><subfield code="w">(DLC)sn 88076305</subfield></datafield><datafield ind1="1" ind2=" " tag="029"><subfield code="a">AU@</subfield><subfield code="b">000025837280</subfield></datafield></record>